<record><leader>00000cas a22000007a 4500</leader><controlfield tag="001">12228057</controlfield><controlfield tag="008">850703d19061908ndudn ne      0    0eng  </controlfield><datafield ind1=" " ind2=" " tag="010"><subfield code="a">sn 85042343 </subfield></datafield><datafield ind1=" " ind2=" " tag="040"><subfield code="a">DLC</subfield><subfield code="b">eng</subfield><subfield code="c">DLC</subfield><subfield code="d">NOP</subfield><subfield code="d">OCLCQ</subfield><subfield code="d">DLC</subfield><subfield code="d">OCLCF</subfield><subfield code="d">IUL</subfield><subfield code="d">OCL</subfield></datafield><datafield ind1=" " ind2=" " tag="042"><subfield code="a">msc</subfield></datafield><datafield ind1=" " ind2=" " tag="043"><subfield code="a">n-us-nd</subfield></datafield><datafield ind1="0" ind2="0" tag="050"><subfield code="a">Newspaper</subfield></datafield><datafield ind1="0" ind2=" " tag="130"><subfield code="a">Evening press (Grand Forks, N.D.)</subfield></datafield><datafield ind1="1" ind2="4" tag="245"><subfield code="a">The Evening press.</subfield></datafield><datafield ind1="3" ind2="0" tag="246"><subfield code="a">Grand Forks evening press</subfield></datafield><datafield ind1=" " ind2=" " tag="260"><subfield code="a">Grand Forks, N.D. :</subfield><subfield code="b">Press Pub. Co.,</subfield><subfield code="c">1906-1908.</subfield></datafield><datafield ind1=" " ind2=" " tag="300"><subfield code="a">4 v. :</subfield><subfield code="b">ill. ;</subfield><subfield code="c">54 cm.</subfield></datafield><datafield ind1=" " ind2=" " tag="310"><subfield code="a">Daily (except Sun.)</subfield></datafield><datafield ind1="0" ind2=" " tag="362"><subfield code="a">Vol. 2, no. 308 (Mar. 13, 1906)-v. 1, no. 266 (Mar. 31, 1908).</subfield></datafield><datafield ind1=" " ind2=" " tag="500"><subfield code="a">Sometimes published as: Grand Forks evening press, Oct. 27, 1906-Apr, 22, 1907.</subfield></datafield><datafield ind1=" " ind2=" " tag="500"><subfield code="a">Suspended after the issue of Mar. 31, 1908, but to be started anew at Fargo, N.D. as the Daily news.</subfield></datafield><datafield ind1=" " ind2=" " tag="500"><subfield code="a">"Official paper of Grand Forks City and Grand Forks County."</subfield></datafield><datafield ind1=" " ind2=" " tag="515"><subfield code="a">Numbering is irregular Mar. 27-Ap. 24, 1907.</subfield></datafield><datafield ind1=" " ind2=" " tag="515"><subfield code="a">Issues for May 9-June 17, 1907 numbered: Vol. 32, no. 43-v. 32, no. 79, and: v. 1, no. 1-v. 1, no. 34.</subfield></datafield><datafield ind1=" " ind2=" " tag="530"><subfield code="a">Available on microfilm from the State Historical Society of North Dakota.</subfield></datafield><datafield ind1=" " ind2="0" tag="651"><subfield code="a">Grand Forks (N.D.)</subfield><subfield code="v">Newspapers.</subfield></datafield><datafield ind1=" " ind2="0" tag="651"><subfield code="a">Grand Forks County (N.D.)</subfield><subfield code="v">Newspapers.</subfield></datafield><datafield ind1=" " ind2="7" tag="651"><subfield code="a">North Dakota</subfield><subfield code="z">Grand Forks County.</subfield><subfield code="2">fast</subfield><subfield code="0">(OCoLC)fst01215868</subfield></datafield><datafield ind1=" " ind2="7" tag="651"><subfield code="a">North Dakota</subfield><subfield code="z">Grand Forks.</subfield><subfield code="2">fast</subfield><subfield code="0">(OCoLC)fst01213010</subfield></datafield><datafield ind1=" " ind2="7" tag="655"><subfield code="a">Newspapers.</subfield><subfield code="2">fast</subfield><subfield code="0">(OCoLC)fst01423814</subfield></datafield><datafield ind1=" " ind2=" " tag="752"><subfield code="a">United States</subfield><subfield code="b">North Dakota</subfield><subfield code="c">Grand Forks</subfield><subfield code="d">Grand Forks.</subfield></datafield><datafield ind1="0" ind2="0" tag="780"><subfield code="t">Evening press and daily plaindealer</subfield><subfield code="w">(DLC)sn 85042342</subfield><subfield code="w">(OCoLC)12824064</subfield></datafield><datafield ind1="0" ind2="0" tag="785"><subfield code="t">Fargo daily news</subfield><subfield code="w">(DLC)sn 89074474</subfield><subfield code="w">(OCoLC)20818620</subfield></datafield></record>